@online{nwtc_software_developer_2022,
    title = {Software Developer -- Associate Degree},
    organization = {Northeast Wisconsin Technical College},
    date = {2022},
    url = {https://www.nwtc.edu/academics-and-training/software-developer},
    urldate = {2022-11-23},
}

@online{spring_project_2022,
    title = {Why Spring?},
    organization = {Spring Project},
    publisher = {VMware Corporation},
    date = {2022},
    url = {https://spring.io/why-spring},
    urldate = {2022-11-23},
}

@online{docker_website_2022,
    title = {Docker: Accelerated, Containerized Application Development},
    organization = {Docker Project},
    date = {2022},
    url = {https://www.docker.com/},
    urldate = {2022-11-23},
}

@online{react_website_2022,
    title = {React -- A JavaScript library for building user interfaces},
    organization = {React Project},
    publisher = {Meta Platforms, Inc.},
    date = {2022},
    url = {https://reactjs.org/},
    urldate = {2022-11-23},
}

@online{doxygen_website_2022,
    title = {Doxygen: Doxygen},
    organization = {Doxygen Project},
    date = {2022-10-29},
    url = {https://reactjs.org/},
    urldate = {2022-11-23},
}

@online{plantuml_website_2022,
    title = {PlantUML in a nutshell},
    organization = {PlantUML Project},
    url = {https://plantuml.com/},
    urldate = {2022-11-23},
}

@online{latex_website_2022,
    title = {LaTeX â€“ A document preparation system},
    organization = {LaTeX Project},
    url = {https://www.latex-project.org/},
    urldate = {2022-11-23},
}

@online{overleaf_website_2022,
    title = {Overleaf, Online {\LaTeX} Editor},
    organization = {Overleaf Project},
    date = {2022},
    url = {https://www.overleaf.com/},
    urldate = {2022-11-23},
}

@online{docker_installation_2023,
    title = {Install Docker Engine},
    organization = {Docker},
    date = {2023},
    url = {https://docs.docker.com/engine/install/},
    urldate = {2023-03-24},
}

@online{curl_2023,
    title = {cURL},
    organization = {cURL Open Source Project},
    date = {2023-03-20},
    url = {https://curl.se/},
    urldate = {2023-03-31},
}

@online{postman_2023,
    title = {Postman API Platform | Sign Up for Free},
    organization = {Postman, Inc},
    date = {2023},
    url = {https://www.postman.com/},
    urldate = {2023-03-31},
}

@online{swagger_ui_2023,
    title = {REST API Documentation Tool | Swagger UI},
    organization = {SmartBear Software},
    date = {2023},
    url = {https://swagger.io/tools/swagger-ui/},
    urldate = {2023-03-31},
}

@online{aws_2023,
    title = {Cloud Computing Services - Amazon Web Services (AWS)},
    organization = {Amazon Web Services, Inc.},
    date = {2023},
    url = {https://aws.amazon.com/},
    urldate = {2023-03-31},
}

@online{google_cloud_2023,
    title = {Cloud Computing Services | Google Cloud},
    organization = {Google Cloud},
    date = {2023},
    url = {https://cloud.google.com/},
    urldate = {2023-03-31},
}

@online{digitalocean_2023,
    title = {DigitalOcean | The Cloud for Builders},
    organization = {DigitalOcean, LLC.},
    date = {2023},
    url = {https://www.digitalocean.com/},
    urldate = {2023-03-31},
}

